%% This BibTeX bibliography file was created using BibDesk.
%% http://bibdesk.sourceforge.net/


%% Created for Simon Hudon at 2012-01-20 12:32:06 -0500 


%% Saved with string encoding Unicode (UTF-8) 


@article{DBLP:journals/tse/Lamport77,
  author    = {L. Lamport},
  title     = {Proving the Correctness of Multiprocess Programs},
  journal   = {IEEE Trans. Software Eng.},
  volume    = {3},
  number    = {2},
  year      = {1977},
  pages     = {125-143},
  ee        = {http://doi.ieeecomputersociety.org/10.1109/TSE.1977.229904},
  bibsource = {DBLP, http://dblp.uni-trier.de}
}

@electronic{misra:notes:strength,
	Author = {J. Misra},
	Date-Added = {2012-01-20 17:17:54 +0000},
	Date-Modified = {2012-01-20 17:31:59 +0000},
	Title = {More on Strengthening the Guard},
	Url = {http://www.cs.utexas.edu/users/psp/unity/notes/19-90.pdf},
	Year = {1990}}

@article{Dijkstra:1998p1128,
	Abstract = {We present an algebra that seeks to bridge the gap between programming formalisms that have a high level },
	Author = {R. Dijkstra},
	Date-Added = {2010-11-15 13:22:50 +0100},
	Date-Modified = {2011-01-26 15:28:41 +0100},
	Journal = {Mathematics of Program Construction},
	Local-Url = {file://localhost/Users/simonhudon/Documents/Papers/Dijkstra/1998/Mathematics of Program Construction/Dijkstra-1998-Computation Calculus.pdf},
	Month = {Jan},
	Pmid = {5811740568146740431related:zwQdO0Fzp1AJ},
	Rating = {0},
	Read = {Yes},
	Title = {Computation Calculus: Bridging a Formalization Gap},
	Uri = {papers://0DEFD8ED-AB0A-4D16-A15C-A1533751613C/Paper/p1128},
	Url = {http://www.springerlink.com/index/QH44VD66GVE0U3LU.pdf},
	Year = {1998},
	Bdsk-Url-1 = {http://www.springerlink.com/index/QH44VD66GVE0U3LU.pdf}}

@book{Dijkstra:1990:PCP:77545,
	Address = {New York, NY, USA},
	Author = {Dijkstra, E. and Scholten, C.},
	Isbn = {0-387-96957-8},
	Publisher = {Springer-Verlag New York, Inc.},
	Title = {Predicate Calculus and Program Semantics},
	Year = {1990}}

@article{DBLP:journals/fac/JutlaR97,
	Author = {Charanjit S. Jutla and Josyula R. Rao},
	Bibsource = {DBLP, http://dblp.uni-trier.de},
	Ee = {http://dx.doi.org/10.1007/BF01211296},
	Journal = {Formal Asp. Comput.},
	Number = {4},
	Pages = {359-378},
	Title = {A Methodology for Designing Proof Rules for Fair Parallel Programs},
	Volume = {9},
	Year = {1997}}

@book{DBLP:journals/csur/Misra96,
	Address = {Secaucus, NJ, USA},
	Author = {Misra, J.},
	Isbn = {0-387-95206-3},
	Publisher = {Springer-Verlag New York, Inc.},
	Title = {A discipline of multiprogramming: programming theory for distributed applications},
	Year = {2001}}

@mastersthesis{thesis/hudon2011,
	Author = {S. Hudon},
	Date-Modified = {2012-01-18 18:54:34 +0000},
	Month = {July},
	School = {ETH Zurich},
	Title = {A Progress Preserving Refinement},
	Year = {2011}}

@book{DBLP:books/daglib/0067338,
	Author = {M. Chandy and J. Misra},
	Bibsource = {DBLP, http://dblp.uni-trier.de},
	Isbn = {978-0-201-05866-6},
	Pages = {I-XXVIII, 1-516},
	Publisher = {Addison-Wesley},
	Title = {Parallel program design - a foundation},
	Year = {1989}}

@book{DBLP_books_aw_Lamport2002,
	Author = {L. Lamport},
	Bibsource = {DBLP, http://dblp.uni-trier.de},
	Isbn = {0-3211-4306-X},
	Publisher = {Addison-Wesley},
	Title = {Specifying Systems, The TLA+ Language and Tools for Hardware and Software Engineers},
	Year = {2002}}

@book{DBLP:books/daglib/0024570,
	Author = {J-R. Abrial},
	Bibsource = {DBLP, http://dblp.uni-trier.de},
	Ee = {http://www.cambridge.org/uk/catalogue/catalogue.asp?isbn=9780521895569},
	Isbn = {978-0-521-89556-9},
	Pages = {I-XXVI, 1-586},
	Publisher = {Cambridge University Press},
	Title = {Modeling in Event-B - System and Software Engineering},
	Year = {2010}}


@inproceedings{DBLP:conf/icse/DwyerAC99,
  author    = {M. Dwyer and
               G. Avrunin and
               J. Corbett},
  title     = {Patterns in Property Specifications for Finite-State Verification},
  booktitle = {ICSE},
  year      = {1999},
  pages     = {411-420},
  ee        = {http://portal.acm.org/citation.cfm?id=302405.302672},
  bibsource = {DBLP, http://dblp.uni-trier.de}
}


@Article{abrial10:_rodin,
  author = 	 {J-R. Abrial and M. Butler and S. Hallerstede and T.S. Hoang and F. Mehta and L. Voisin},
  title = 	 {Rodin: an open toolset for modelling and reasoning in {Event-B}},
  journal = 	 {STTT},
  year = 	 2010,
  volume = 	 12,
  number = 	 6,
  pages = 	 {447-466}
}


@InProceedings{hoang11:_reason_liven_proper_event_b,
  author = 	 {T.S. Hoang and J-R. Abrial},
  title = 	 {Reasoning about Liveness Properties in {Event-B}},
  crossref =  {qin11:_formal_method_softw_engin_inter},
  booktitle = {ICFEM},
  pages = 	 {456-471},
  year = 	 2011
}

@Proceedings{qin11:_formal_method_softw_engin_inter,
  title = 	 {Formal Methods and Software Engineering - 13th International Conference on Formal Engineering Methods, ICFEM 2011, Durham, UK, October 26-28, 2011. Proceedings},
  year = 	 2011,
  booktitle = {ICFEM},
  editor = 	 {S. Qin and Z. Qiu},
  volume = 	 6991,
  series = 	 {LNCS},
  publisher = {Springer-Verlag}
}

@Article{hudon11:_devel_contr_system_guided_model_envir,
  author = 	 {S. Hudon and T.S. Hoang},
  title = 	 {Development of Control Systems Guided by Models of their Environment},
  journal = 	 {ENTCS},
  year = 	 2011,
  volume = 	 280,
  pages = 	 {57-68},
  month = 	 dec
}